@article{biere2009handbook,
  title   = {A Survey of Automated Techniques for Formal Software Verification},
  author  = {D'Silva, Vijay and Kroening, Daniel and Weissenbacher, Georg},
  year    = {2008},
  doi     = {10.1109/TCAD.2008.923410},
  journal = {IEEE Transactions on Computer-Aided Design of Integrated Circuits and Systems},
  number  = {7},
  pages   = {1165-1178},
  volume  = {27},
}

@inproceedings{clarke2004sat,
  title     = {{SAT} Based Predicate Abstraction for Hardware
               Verification},
  author    = {Clarke, Edmund
               and Talupur, Muralidhar
               and Veith, Helmut
               and Wang, Dong},
  year      = {2004},
  address   = {Berlin, Heidelberg},
  booktitle = {Theory and Applications of Satisfiability Testing},
  editor    = {Giunchiglia, Enrico
               and Tacchella, Armando},
  isbn      = {978-3-540-24605-3},
  pages     = {78-92},
  publisher = {Springer Berlin Heidelberg},
}

@inbook{cook2023complexity,
  title     = {The Complexity of Theorem-Proving Procedures},
  author    = {Cook, Stephen A.},
  year      = {2023},
  address   = {New York, NY, USA},
  booktitle = {Logic, Automata, and Computational Complexity: The Works of Stephen A. Cook},
  edition   = {1},
  isbn      = {9798400707797},
  numpages  = {10},
  pages     = {143–-152},
  publisher = {Association for Computing Machinery},
  url       = {https://doi.org/10.1145/3588287.3588297},
}

@inproceedings{een2004extensible,
  title     = {An Extensible {SAT}-solver},
  author    = {E{\'e}n, Niklas
               and S{\"o}rensson, Niklas},
  year      = {2004},
  address   = {Berlin, Heidelberg},
  booktitle = {Theory and Applications of Satisfiability Testing},
  editor    = {Giunchiglia, Enrico
               and Tacchella, Armando},
  isbn      = {978-3-540-24605-3},
  pages     = {502--518},
  publisher = {Springer Berlin Heidelberg},
}

@inproceedings{gelder2011generalized,
  title     = {Generalized Conflict-Clause Strengthening for Satisfiability Solvers},
  author    = {Gelder, Allen V.},
  year      = {2011},
  address   = {Berlin, Heidelberg},
  booktitle = {Theory and Applications of Satisfiability Testing},
  editor    = {Sakallah, Karem A.
               and Simon, Laurent},
  isbn      = {978-3-642-21581-0},
  pages     = {329--342},
  publisher = {Springer Berlin Heidelberg},
}

@article{gent1993empirical,
  title   = {An Empirical Analysis of Search in {GSAT}},
  author  = {Gent, Ian P. and Walsh, Toby},
  year    = {1993},
  journal = {Journal of Artificial Intelligence Research},
  number  = {1},
  pages   = {47--59},
}

@inproceedings{gomes1997heavy,
  title     = {Heavy-Tailed Distributions in Combinatorial
               Search},
  author    = {Gomes, Carla P. and Selman, Bart and Crato, Nuno},
  year      = {1997},
  booktitle = {Principles and Practice of Constraint Programming-CP97},
  pages     = {121--135},
  publisher = {Springer},
  url       = {https://doi.org/10.1007/BFb0017434},
}

@inproceedings{gomes1998boosting,
  title     = {Boosting combinatorial search through ran
               domization},
  author    = {Gomes, Carla P. and Selman, Bart and Kautz, Henry A.},
  year      = {1998},
  booktitle = {National Conference on Artificial Intelligence},
  pages     = {431--437},
}

@article{gong2017survey,
  title   = {A survey of {SAT} solvers},
  author  = {Gong, Weiwei and Zhou, Xu},
  year    = {2017},
  doi     = {10.1063/1.4981999},
  eprint  = {https://pubs.aip.org/aip/acp/article-pdf/doi/10.1063/1.4981999/13742154/020059\_1\_online.pdf},
  issn    = {0094-243X},
  journal = {AIP Conference Proceedings},
  month   = {06},
  number  = {1},
  url     = {https://doi.org/10.1063/1.4981999},
  volume  = {1836},
}

@article{ivancic2008efficient,
  title   = {Efficient SAT-based bounded model checking for software verification},
  author  = {Ivancic, Franjo and Zijiangm Yang and Ganai, Malay K. and Gupta, Aarti and Ashar, Prasad},
  year    = {2008},
  journal = {Elsevier},
}

@inproceedings{katebi2011empirical,
  title     = {Empirical Study of the Anatomy of Modern {SAT} Solvers},
  author    = {Katebi, Hadi
               and Sakallah, Karem A.
               and Marques-Silva, Jo{\~a}o P.},
  year      = {2011},
  address   = {Berlin, Heidelberg},
  booktitle = {Theory and Applications of Satisfiability Testing},
  editor    = {Sakallah, Karem A.
               and Simon, Laurent},
  isbn      = {978-3-642-21581-0},
  pages     = {343--356},
  publisher = {Springer Berlin Heidelberg},
}

@article{marques1999grasp,
  title   = {{GRASP}: A Search Algorithm
             for Propositional Satisfiability},
  author  = {Marques-Silva, João P and Sakallah, Karem A},
  year    = {1999},
  journal = {IEEE Transactions on Computers},
  number  = {5},
  volume  = {48},
}

@book{marques1999impact,
  title     = {The Impact of Branching Heuristics in Propositional Satisfiability Algorithms},
  author    = {Marques-Silva, João P},
  year      = {1999},
  isbn      = {978-3-540-48159-3},
  publisher = {Springer Berlin Heidelberg},
  url       = {https://doi.org/10.1007/3-540-48159-1_5},
}

@book{marques2008handbook,
  title     = {Handbook of Satisfiability},
  author    = {Marques-Silva, Joao and Lynce, Ines and Malik, Sharad},
  year      = {2008},
  publisher = {IOS Press},
}

@article{martin1960computing,
  title      = {A Computing Procedure for Quantification Theory},
  author     = {Davis, Martin and Putnam, Hilary},
  year       = {1960},
  doi        = {10.1145/321033.321034},
  issn       = {0004-5411},
  issue_date = {July 1960},
  journal    = {J. ACM},
  number     = {3},
  pages      = {201–215},
  publisher  = {Association for Computing Machinery},
  url        = {https://doi.org/10.1145/321033.321034},
  volume     = {7},
}

@inproceedings{mirnov2006applications,
  title     = {Applications of {SAT} Solvers to Cryptanalysis of Hash Functions},
  author    = {Mironov, Ilya and Zhang, Lintao},
  year      = {2006},
  booktitle = {Theory and Applications of Satisfiability Testing},
  pages     = {102--115},
}

@inproceedings{moskewicz2001chaff,
  title     = {Chaff: engineering an efficient SAT solver},
  author    = {Moskewicz, Matthew W. and Madigan, Conor F. and Zhao, Ying and Zhang, Lintao and Malik, Sharad},
  year      = {2001},
  address   = {New York, NY, USA},
  booktitle = {Proceedings of the 38th Annual Design Automation Conference},
  doi       = {10.1145/378239.379017},
  isbn      = {1581132972},
  keywords  = {boolean satisfiability, design verification},
  location  = {Las Vegas, Nevada, USA},
  numpages  = {6},
  pages     = {530–535},
  publisher = {Association for Computing Machinery},
  series    = {DAC '01},
  url       = {https://doi.org/10.1145/378239.379017},
}
